
@incollection{meila-2003,
   author = {Meila, Marina},
   affiliation = {University of Washington, Box 354322, Seattle WA 98195-4322},
   title = {Comparing Clusterings by the Variation of Information},
   booktitle = {Learning Theory and Kernel Machines},
   series = {Lecture Notes in Computer Science},
   editor = {Sch\"{o}lkopf, Bernhard and Warmuth, Manfred K.},
   publisher = {Springer Berlin / Heidelberg},
   isbn = {},
   pages = {173-187},
   volume = {2777},
   year = {2003}


}

@article{rand-1971,
	author = {Rand, William M.},
	title = {Objective Criteria for the Evaluation of Clustering Methods},
	year = {1971},
	journal = {J.~of the American Statistical Association},
	volume = {66},
	number = {336},
	pages = {846--850},
}


@inproceedings{Kim-2011,
  author = {Kim, Sungwoong and Nowozin, Sebastian and Kohli, Pushmeet and Yoo, Chang Dong},
  booktitle = {NIPS},
  pages = {1530-1538},
  title = {Higher-Order Correlation Clustering for Image Segmentation.},
  year = 2011
}


@article{kappes_2014_benchmark_arxiv,
  author    = {J{\"o}rg H. Kappes and
               Bjoern Andres and
               Fred A. Hamprecht and
               Christoph Schn{\"o}rr and 
               Sebastian Nowozin and 
               Dhruv Batra and
               Sungwoong Kim and 
               Bernhard X. Kausler and
               Thorben Kr{\"o}ger and
               Jan Lellmann and 
               Nikos Komodakis and
               Bogdan Savchynskyy and
               Carsten Rother},
  title     = {A Comparative Study of Modern Inference Techniques for Structured Discrete Energy Minimization Problems},
  journal   = {CoRR},
  volume    = {abs/1404.0533},
  year      = {2014}
}

@book{Sedgewick-2011,
  author = {Sedgewick, Robert and Wayne, Kevin},
  isbn = {978-0-321-57351-3},
  keywords = {dblp},
  pages = {I-XII, 1-955},
  publisher = {Addison-Wesley},
  title = {Algorithms, 4th Edition.},
  year = 2011
}

@inproceedings{Chen-2012,
  added-at = {2013-02-22T00:00:00.000+0100},
  author = {Chen, Yudong and Sanghavi, Sujay and Xu, Huan},

  booktitle = {NIPS},
  keywords = {dblp},
  pages = {2213-2221},
  timestamp = {2013-02-22T00:00:00.000+0100},
  title = {Clustering Sparse Graphs.},
  year = 2012
}

@Inproceedings {Arasu-2009,
author       = {Arvind Arasu and Christopher Re and Dan Suciu},
booktitle    = {Proceedings of the 25th International Conference on Data Engineering, ICDE 2009},
month        = {March},
publisher    = {IEEE Computer Society},
title        = {Large-Scale Deduplication with Constraints using Dedupalog},
url          = {http://research.microsoft.com/apps/pubs/default.aspx?id=77606},
year         = {2009},
}

@inproceedings{Sadikov-2010,
 author = {Sadikov, Eldar and Madhavan, Jayant and Wang, Lu and Halevy, Alon},
 title = {Clustering Query Refinements by User Intent},
 booktitle = {Proceedings of the 19th International Conference on World Wide Web},
 series = {WWW '10},
 year = {2010},
 isbn = {978-1-60558-799-8},
 location = {Raleigh, North Carolina, USA},
 pages = {841--850},
 numpages = {10},
 url = {http://doi.acm.org/10.1145/1772690.1772776},
 doi = {10.1145/1772690.1772776},
 acmid = {1772776},
 publisher = {ACM},
 address = {New York, NY, USA},
 keywords = {clustering, query refinements, random walks},
} 



@article{Kernighan-1970,
   author = {B. W. Kernighan and S. Lin},
   title = {An Efficient Heuristic Procedure for Partitioning Graphs},
   journal = {Bell Sys. Tech. J.},
   volume = {49},
   number = {2},
   pages = {291--308},
   year = {1970}
}

@Article{Lempitsky-2010,
  author       = "Lempitsky, V. and Rother, C. and Roth, S. and Blake, A.",
  title        = "Fusion Moves for Markov Random Field Optimization",
  journal      = "IEEE Transactions on Pattern Analysis and Machine Intelligence",
  number       = "8",
  volume       = "32",
  pages        = "1392-1405",
  month        = "aug",
  year         = "2010",
}


@inproceedings{Chierichetti-2014,
  author    = {Flavio Chierichetti and
               Nilesh N. Dalvi and
               Ravi Kumar},
  title     = {Correlation clustering in MapReduce},
  booktitle = {The 20th {ACM} {SIGKDD} International Conference on Knowledge Discovery
               and Data Mining, {KDD} '14, New York, NY, {USA} - August 24 - 27,
               2014},
  year      = {2014},
  pages     = {641--650},
  url       = {http://doi.acm.org/10.1145/2623330.2623743},
  doi       = {10.1145/2623330.2623743},
  timestamp = {Fri, 07 Nov 2014 13:22:37 +0100},
  biburl    = {http://dblp.uni-trier.de/rec/bib/conf/kdd/ChierichettiDK14},
  bibsource = {dblp computer science bibliography, http://dblp.org}
}

@article{Gionis-2007,
 author = {Gionis, Aristides and Mannila, Heikki and Tsaparas, Panayiotis},
 title = {Clustering Aggregation},
 journal = {ACM Trans. Knowl. Discov. Data},
 issue_date = {March 2007},
 volume = {1},
 number = {1},
 month = mar,
 year = {2007},
 issn = {1556-4681},
 articleno = {4},
 url = {http://doi.acm.org/10.1145/1217299.1217303},
 doi = {10.1145/1217299.1217303},
 acmid = {1217303},
 publisher = {ACM},
 address = {New York, NY, USA},
 keywords = {Data clustering, clustering aggregation, clustering categorical data, correlation clustering},
} 



@article{Ailon-2008,
 author = {Ailon, Nir and Charikar, Moses and Newman, Alantha},
 title = {Aggregating Inconsistent Information: Ranking and Clustering},
 journal = {J. ACM},
 issue_date = {October 2008},
 volume = {55},
 number = {5},
 month = nov,
 year = {2008},
 issn = {0004-5411},
 pages = {23:1--23:27},
 articleno = {23},
 numpages = {27},
 url = {http://doi.acm.org/10.1145/1411509.1411513},
 doi = {10.1145/1411509.1411513},
 acmid = {1411513},
 publisher = {ACM},
 address = {New York, NY, USA},
 keywords = {Rank aggregation, consensus clustering, correlation clustering, minimum feedback arc-set, tournaments},
} 

@INPROCEEDINGS{Bansal-2002,
    author = {Nikhil Bansal and Avrim Blum and Shuchi Chawla},
    title = {Correlation Clustering},
    booktitle = {MACHINE LEARNING},
    year = {2002},
    pages = {238--247},
    publisher = {}
} 

@article{Soon-2001,
 author = {Soon, Wee Meng and Ng, Hwee Tou and Lim, Daniel Chung Yong},
 title = {A Machine Learning Approach to Coreference Resolution of Noun Phrases},
 journal = {Comput. Linguist.},
 issue_date = {December 2001},
 volume = {27},
 number = {4},
 month = dec,
 year = {2001},
 issn = {0891-2017},
 pages = {521--544},
 numpages = {24},
 url = {http://dl.acm.org/citation.cfm?id=972597.972602},
 acmid = {972602},
 publisher = {MIT Press},
 address = {Cambridge, MA, USA},
} 


@inproceedings{Ng-2002,
 author = {Ng, Vincent and Cardie, Claire},
 title = {Improving Machine Learning Approaches to Coreference Resolution},
 booktitle = {Proceedings of the 40th Annual Meeting on Association for Computational Linguistics},
 series = {ACL '02},
 year = {2002},
 location = {Philadelphia, Pennsylvania},
 pages = {104--111},
 numpages = {8},
 url = {http://dx.doi.org/10.3115/1073083.1073102},
 doi = {10.3115/1073083.1073102},
 acmid = {1073102},
 publisher = {Association for Computational Linguistics},
 address = {Stroudsburg, PA, USA},
} 

@InProceedings{Elsner-2008,
  author    = {Elsner, Micha  and  Charniak, Eugene},
  title     = {You Talking to Me? A Corpus and Algorithm for Conversation Disentanglement},
  booktitle = {Proceedings of ACL-08: HLT},
  month     = {June},
  year      = {2008},
  address   = {Columbus, Ohio},
  publisher = {Association for Computational Linguistics},
  pages     = {834--842},
  url       = {http://www.aclweb.org/anthology/P/P08/P08-1095}
}

@inproceedings{Elsner-2009,
 author = {Elsner, Micha and Schudy, Warren},
 title = {Bounding and Comparing Methods for Correlation Clustering Beyond ILP},
 booktitle = {Proceedings of the Workshop on Integer Linear Programming for Natural Langauge Processing},
 series = {ILP '09},
 year = {2009},
 isbn = {978-1-932432-35-0},
 location = {Boulder, Colorado},
 pages = {19--27},
 numpages = {9},
 acmid = {1611641},
 publisher = {Association for Computational Linguistics},
 address = {Stroudsburg, PA, USA},
} 


@inproceedings{Leskovec-2010,
 author = {Leskovec, Jure and Huttenlocher, Daniel and Kleinberg, Jon},
 title = {Signed Networks in Social Media},
 booktitle = {Proceedings of the SIGCHI Conference on Human Factors in Computing Systems},
 series = {CHI '10},
 year = {2010},
 isbn = {978-1-60558-929-9},
 location = {Atlanta, Georgia, USA},
 pages = {1361--1370},
 numpages = {10},
 acmid = {1753532},
 publisher = {ACM},
 address = {New York, NY, USA}
} 

@misc{Authors14,
 author = {Authors},
 title = {The frobnicatable foo filter},
 note = {Face and Gesture  submission ID 324. Supplied as additional material {\tt fg324.pdf}},
 year = 2014
}

@misc{Authors14b,
 author = {Authors},
 title = {Frobnication tutorial},
 note = {Supplied as additional material {\tt tr.pdf}},
 year = 2014
}

@article{Alpher02,
author = {A. Alpher},
title = {Frobnication},
journal = {Journal of Foo},
volume = 12, 
number = 1, 
pages = {234--778}, 
year = 2002
}

@article{Alpher03,
author = {A. Alpher and  J.~P.~N. Fotheringham-Smythe},
title = {Frobnication revisited},
journal = {Journal of Foo},
volume = 13, 
number = 1, 
pages = {234--778}, 
year = 2003
}

@article{Alpher04,
author = {A. Alpher and J.~P.~N. Fotheringham-Smythe and G. Gamow},
title = {Can a machine frobnicate?},
journal = {Journal of Foo},
volume = 14, 
number = 1, 
pages = {234--778}, 
year = 2004
}


@article{zhu_1996_region,
title={Region competition: Unifying snakes, region growing, and Bayes/MDL for multiband image segmentation},
author={Zhu, Song Chun and Yuille, Alan},
journal={Pattern Analysis and Machine Intelligence, IEEE Transactions on},
volume={18},
number={9},
pages={884--900},
year={1996},
publisher={IEEE}
}

@book{deza1997geometry,
title={Geometry of cuts and metrics},
author={Deza, Michel Marie and Laurent, Monique},
volume={15},
year={1997},
publisher={Springer}
}
@article{appel_1977_4color,
title={Every planar map is four colorable},
author={Appel, Kenneth and Haken, Wolfgang},
journal={Illinois J. of Mathematics},
volume={21},
number={3},
pages={429--490},
year={1977},
publisher={University of Illinois at Urbana-Champaign, Department of Mathematics}
}
@article{andres_2012_opengm_arxiv,
author = {Bj{\"o}rn Andres and
Thorsten Beier and
J{\"o}rg H. Kappes},
title = {{OpenGM}: A {C++} Library for {D}iscrete {G}raphical {M}odels},
journal = {CoRR},
volume = {abs/1206.0111},
year = {2012},
ee = {http://arxiv.org/abs/1206.0111},
bibsource = {DBLP, http://dblp.uni-trier.de}
}
@incollection{meila_2003_ltkm,
title={Comparing clusterings by the variation of information},
author={Meil{\u{a}}, Marina},
booktitle={Learning theory and kernel machines},
pages={173--187},
year={2003},
publisher={Springer}
}
@article{kolmogorov_2004_pami,
title={What energy functions can be minimized via graph cuts?},
author={Kolmogorov, Vladimir and Zabih, Ramin},
journal={Pattern Analysis and Machine Intelligence},
volume={26},
number={2},
pages={147--159},
year={2004},
publisher={IEEE}
}
@incollection{andres_2012_eccv_lazy,
title={The lazy flipper: Efficient depth-limited exhaustive search in discrete graphical models},
author={Andres, Bjoern and Kappes, J{\"o}rg H and Beier, Thorsten and K{\"o}the, Ullrich and Hamprecht, Fred A},
booktitle={ECCV},
pages={154--166},
year={2012},
publisher={Springer}
}
@inproceedings{finley_2005_ml,
title={Supervised clustering with support vector machines},
author={Finley, Thomas and Joachims, Thorsten},
booktitle={ICML},
pages={217--224},
year={2005},
organization={ACM}
}
@article{bansal_2004_ml,
title={Correlation clustering},
author={Bansal, Nikhil and Blum, Avrim and Chawla, Shuchi},
journal={Machine Learning},
volume={56},
number={1-3},
pages={89--113},
year={2004},
publisher={Springer}
}
@article{chopra_1993_mp,
year={1993},
issn={0025-5610},
journal={Mathematical Programming},
volume={59},
number={1-3},
doi={10.1007/BF01581239},
title={The partition problem},
url={http://dx.doi.org/10.1007/BF01581239},
publisher={Springer-Verlag},
keywords={Graph partition; multiway cut; polytope; facet},
author={Chopra, Sunil and Rao, M.R.},
pages={87-115},
language={English}
}
@inproceedings{rother_2007_cvpr,
title={Optimizing binary {MRF}s via extended roof duality},
author={Rother, Carsten and Kolmogorov, Vladimir and Lempitsky, Victor and Szummer, Martin},
booktitle={CVPR},
year={2007},
}
#TODO: check me
@inproceedings{schraudolph_2009_nips,
title={Efficient exact inference in planar Ising models},
author={Schraudolph, Nicol N and Kamenetsky, Dmitry},
booktitle={NIPS},
year={2009}
}
@inproceedings{kappes_2011_emmcvpr,
title={Globally optimal image partitioning by multicuts},
author={Kappes, J{\"o}rg Hendrik and Speth, Markus and Andres, Bj{\"o}rn and Reinelt, Gerhard and Schn{\"o}rr, Christoph},
booktitle={EMMCVPR},
pages={31--44},
year={2011},
organization={Springer}
}
@inproceedings{andres_2011_iccv,
title={Probabilistic image segmentation with closedness constraints},
author={Andres, Bjoern and Kappes, J{\"o}rg H and Beier, Thorsten and K{\"o}the, Ullrich and Hamprecht, Fred A},
booktitle={ICCV},
pages={2611--2618},
year={2011},
organization={IEEE}
}
@inproceedings{kroeger_2013_miccai,
year = { 2013 },
author = { T. Kr{\"o}ger and S. Mikula and W. Denk and U. K{\"o}the and F. A. Hamprecht },
title = { {Learning to Segment Neurons with Non-local Quality Measures} },
booktitle = { MICCAI 2013. Proceedings, in press },
timestamp = { 2013.05.24 },
cite = { kroeger_13_learning }
}
@article{kappes_2013_arxiv,
author = {J{\"o}rg Hendrik Kappes and
Markus Speth and
Gerhard Reinelt and
Christoph Schn{\"o}rr},
title = {Higher-order Segmentation via Multicuts},
journal = {CoRR},
volume = {abs/1305.6387},
year = {2013},
ee = {http://arxiv.org/abs/1305.6387},
bibsource = {DBLP, http://dblp.uni-trier.de}
}
@incollection{kroeger_2012_eccv,
title={Globally optimal closed-surface segmentation for connectomics},
author={Andres, Bjoern and Kroeger, Thorben and Briggman, Kevin L and Denk, Winfried and Korogod, Natalya and Knott, Graham and Koethe, Ullrich and Hamprecht, Fred A},
booktitle={ECCV},
pages={778--791},
year={2012},
publisher={Springer}
}
@inproceedings{kappes_2013_benchmark_cvpr,
title={A comparative study of modern inference techniques for discrete energy minimization problems},
author={Kappes, J{\"o}rg H and Andres, Bjoern and Hamprecht, Fred A and Schn{\"o}rr, Christoph and Nowozin, Sebastian and Batra, Dhruv and Kim, Sungwoong and Kausler, Bernhard X and Lellmann, Jan and Komodakis, Nikos and others},
booktitle={CVPR},
year={2013}
}
@inproceedings{alush_2013_simbad,
title={Break and Conquer: Efficient Correlation Clustering for Image Segmentation},
author={Alush, Amir and Goldberger, Jacob},
booktitle={2nd International Workshop on Similarity-Based Pattern Analysis and Recognition},
year={2013}
}
@incollection{yarkony_2012_eccv,
title={Fast planar correlation clustering for image segmentation},
author={Yarkony, Julian and Ihler, Alexander and Fowlkes, Charless C},
booktitle={ECCV},
publisher={Springer},
year={2012},
}
@inproceedings{kim_2011_nips,
title={Higher-order correlation clustering for image segmentation},
author={Kim, Sungwoong and Nowozin, Sebastian and Kohli, Pushmeet and Yoo, Chang D},
booktitle={NIPS},
year={2011}
}
@article{zhao_2005_mp,
title={Greedy splitting algorithms for approximating multiway partition problems},
author={Zhao, Liang and Nagamochi, Hiroshi and Ibaraki, Toshihide},
journal={Mathematical Programming},
volume={102},
number={1},
pages={167--183},
year={2005},
publisher={Springer}
}
@article{kim_2012_ip,
title={Task-Specific Image Partitioning},
author={Kim, Sungwoong and Nowozin, Sebastian and Kohli, Pushmeet and Yoo, Chang D},
journal={Transactions on Image Processing},
volume={22},
number={1-2},
pages={488--500},
year={2013},
publisher={IEEE}
}
@article{kerninghan_1970_bell,
author = {Kernighan, B. W. and Lin, S.},
citeulike-article-id = {883684},
journal = {The {B}ell system technical journal},
keywords = {spectral},
number = {1},
pages = {291--307},
posted-at = {2006-10-04 14:32:42},
priority = {2},
title = {{An Efficient Heuristic Procedure for Partitioning Graphs}},
volume = {49},
year = {1970}
}
@article{alush_2012_pami,
title={Ensemble segmentation using efficient integer linear programming},
author={Alush, Amir and Goldberger, Jacob},
journal={Pattern Analysis and Machine Intelligence},
volume={34},
number={10},
pages={1966--1977},
year={2012},
publisher={IEEE}
}
@article{bagon_2011_arxiv,
author = {Shai Bagon and
Meirav Galun},
title = {Large Scale Correlation Clustering Optimization},
journal = {CoRR},
volume = {abs/1112.2903},
year = {2011},
ee = {http://arxiv.org/abs/1112.2903},
bibsource = {DBLP, http://dblp.uni-trier.de}
}


@inproceedings{beier_2014_cvpr,
annote = {Oral},
author = {Beier, Thorsten and Kroeger, Thorben and Kappes, J\"{o}rg Hendrik and Koethe, Ullrich and Hamprecht, Fred},
booktitle = {IEEE Conference on Computer Vision and Pattern Recognition 2014},
title = {{Cut, Glue \& Cut: A Fast, Approximate Solver for Multicut Partitioning}},
year = {2014}
}

@inproceedings{kroeger_2014_gcpr,
title = {Asymmetric Cuts: Joint Image Labeling and Partitioning},
author = {Kroeger, Thorben and Kappes, J\"org Hendrik and Beier, Thorsten and Koethe,Ulrich and Hamprecht, Fred A.},
booktitle = {36th German Conference on Pattern Recognition},
year ={2014},
webpdf= {http://ipa.iwr.uni-heidelberg.de/jkappes/publications/kroeger-gcpr2014.pdf},
webcode   = {http://hci.iwr.uni-heidelberg.de/opengm2/"}, 
note = {Oral}
}


@inproceedings{kappes_2014_ws,
title = {MAP-Inference on Large Scale Higher-Order Discrete Graphical Models by Fusion Moves},
author = {Kappes, J\"org Hendrik and Beier, Thorsten and Schn\"orr, Christoph},
booktitle = {International Workshop on Graphical Models in Computer Vision},
year ={2014},
webpdf= {http://ipa.iwr.uni-heidelberg.de/jkappes/publications/kappes-gmcv2014-preprint.pdf}, 
note = {Oral}
}

@inproceedings{glassner_2011_cvpr,
  added-at = {2011-08-23T00:00:00.000+0200},
  author = {Glasner, Daniel and Vitaladevuni, Shiv Naga Prasad and Basri, Ronen},
  biburl = {http://www.bibsonomy.org/bibtex/20efeed5fbfac4df3b018ff558f5e6d0c/dblp},
  booktitle = {CVPR},
  ee = {http://dx.doi.org/10.1109/CVPR.2011.5995436},
  interhash = {b5b0ec1e035cd784ca08b8df26208a7b},
  intrahash = {0efeed5fbfac4df3b018ff558f5e6d0c},
  keywords = {dblp},
  pages = {2385-2392},
  publisher = {IEEE},
  timestamp = {2011-08-23T00:00:00.000+0200},
  title = {Contour-based joint clustering of multiple segmentations.},
  url = {http://dblp.uni-trier.de/db/conf/cvpr/cvpr2011.html#GlasnerVB11},
  year = 2011
}

@inproceedings{andres_2013_emmcvpr,
annote = {(accepted)},
author = {Andres, B and Yarkony, J and Manjunath, B S and Kirchhoff, S and Turetken, E and Fowlkes, C C and Pfister, H},
booktitle = {EMMCVPR},
title = {{Segmenting Planar Superpixel Adjacency Graphs w.r.t.\~{}Non-planar Superpixel Affinity Graphs}},
year = {2013}
}


@article{nunez_iglesias_2013,
  author    = {Juan Nunez{-}Iglesias and
               Ryan Kennedy and
               Toufiq Parag and
               Jianbo Shi and
               Dmitri B. Chklovskii},
  title     = {Machine learning of hierarchical clustering to segment n-dimensional
               images},
  journal   = {CoRR},
  year      = {2013},
  volume    = {abs/1303.6163},
  url       = {http://arxiv.org/abs/1303.6163},
  timestamp = {Wed, 08 Oct 2014 13:45:01 +0200},
  biburl    = {http://dblp.uni-trier.de/rec/bib/journals/corr/abs-1303-6163},
  bibsource = {dblp computer science bibliography, http://dblp.org}
}

@article{meyer_2013,
  author    = {Fernand Meyer},
  title     = {Watersheds on edge or node weighted graphs "par l'exemple"},
  journal   = {CoRR},
  year      = {2013},
  volume    = {abs/1303.1829},
  url       = {http://arxiv.org/abs/1303.1829},
  timestamp = {Mon, 13 Oct 2014 10:05:40 +0200},
  biburl    = {http://dblp.uni-trier.de/rec/bib/journals/corr/abs-1303-1829},
  bibsource = {dblp computer science bibliography, http://dblp.org}
}


@InProceedings{martin_2001,
  author = {D. Martin and C. Fowlkes and D. Tal and J. Malik},
  title = {A Database of Human Segmented Natural Images and its
           Application to Evaluating Segmentation Algorithms and
           Measuring Ecological Statistics},
  booktitle = {Proc. 8th Int'l Conf. Computer Vision},
  year = {2001},
  month = {July},
  volume = {2},
  pages = {416--423}
}

@inproceedings{arbelaez_2006,
 author = {Arbelaez, Pablo},
 title = {Boundary Extraction in Natural Images Using Ultrametric Contour Maps},
 booktitle = {Proceedings of the 2006 Conference on Computer Vision and Pattern Recognition Workshop},
 series = {CVPRW '06},
 year = {2006},
 isbn = {0-7695-2646-2},
 pages = {182--},
 url = {http://dx.doi.org/10.1109/CVPRW.2006.48},
 doi = {10.1109/CVPRW.2006.48},
 acmid = {1153715},
 publisher = {IEEE Computer Society},
 address = {Washington, DC, USA},
} 


@article{couprie_2011,
 author = {Couprie, Camille and Grady, Leo and Najman, Laurent and Talbot, Hugues},
 title = {Power Watershed: A Unifying Graph-Based Optimization Framework},
 journal = {IEEE Trans. Pattern Anal. Mach. Intell.},
 issue_date = {July 2011},
 volume = {33},
 number = {7},
 month = jul,
 year = {2011},
 issn = {0162-8828},
 pages = {1384--1399},
 numpages = {16},
 url = {http://dx.doi.org/10.1109/TPAMI.2010.200},
 doi = {10.1109/TPAMI.2010.200},
 acmid = {1990964},
 publisher = {IEEE Computer Society},
 address = {Washington, DC, USA},
 keywords = {Combinatorial optimization, image segmentation, graph cuts, random walker, shortest paths, optimal spanning forests, Markov random fields.},
} 
